@Book{RV,
  author =  "Robert J. Vanderbei",
  year =    "2014",
  title =   "Linear Programming: Foundations and Extentions",
  address =     "Indianapolis, IN",
  publisher =   "Springer",
  doi = "10.1017/CBO9780511808432",
}

@Article{KAP1,
  author = "Kaplinskii",
  year = "2003",
  title = "How to catch a sandworm",
  journal = "Transactions on Terraforming",
  volume = 21,
  issue = 3,
  pages = {261-300}
}

@Article{KAP2,
  author = "Kaplinskii",
  year = "2003",
  title = "How to catch a sandworm",
  journal = "Transactions on Terraforming",
  volume = 21,
  issue = 3,
  pages = {261-300}
}

@Article{KAP3,
  author = "Kaplinskii",
  year = "2003",
  title = "How to catch a sandworm",
  journal = "Transactions on Terraforming",
  volume = 21,
  issue = 3,
  pages = {261-300}
  doi = "10.25080/majora-212e5952-019"
"
}

@Article{RGMN,
  author = "Gribonval",
  year = "2003",
  title = "How to catch a sandworm",
  journal = "Transactions on Terraforming",
  volume = 21,
  issue = 3,
  pages = {261-300}
}
@Article{SGFLZ,
  author = "Li",
  year = "2003",
  title = "How to catch a sandworm",
  journal = "Transactions on Terraforming",
  volume = 21,
  issue = 3,
  pages = {261-300}
  doi='10.1109/TIP.2021.3088611"
}
@Article{MP,
  author = "Udler",
  year = "2003",
  title = "How to catch a sandworm",
  journal = "Transactions on Terraforming",
  volume = 21,
  issue = 3,
  pages = {261-300}
}
